@Article{Ranson_2014,
  doi = {10.1016/j.jeem.2013.11.008},
  url = {https://doi.org/10.1016/j.jeem.2013.11.008},
  year = {2014},
  month = {may},
  publisher = {Elsevier {BV}},
  volume = {67},
  number = {3},
  pages = {274--302},
  author = {Matthew Ranson},
  title = {Crime, weather, and climate change},
  journal = {Journal of Environmental Economics and Management},
}

@Article{ROUNTREE_1994,
  doi = {10.1111/j.1745-9125.1994.tb01159.x},
  url = {https://doi.org/10.1111/j.1745-9125.1994.tb01159.x},
  year = {1994},
  month = {aug},
  publisher = {Wiley},
  volume = {32},
  number = {3},
  pages = {387--414},
  author = {PAMELA WILCOX ROUNTREE and KENNETH C. LAND and TERANCE D. MIETHE},
  title = {{MACRO}-{MICRO} {INTEGRATION} {IN} {THE} {STUDY} {OF} {VICTIMIZATION}: A {HIERARCHICAL} {LOGISTIC} {MODEL} {ANALYSIS} {ACROSS} {SEATTLE} {NEIGHBORHOODS}{\ast}},
  journal = {Criminology},
}

@Article{Weisburd_2004,
  doi = {10.1177/0002716203262548},
  url = {https://doi.org/10.1177/0002716203262548},
  year = {2004},
  month = {may},
  publisher = {{SAGE} Publications},
  volume = {593},
  number = {1},
  pages = {42--65},
  author = {David Weisburd and John E. Eck},
  title = {What Can Police Do to Reduce Crime, Disorder, and Fear?},
  journal = {The {ANNALS} of the American Academy of Political and Social Science},
}

@Article{Weisburd_2009,
  doi = {10.1007/s10940-009-9075-9},
  url = {https://doi.org/10.1007/s10940-009-9075-9},
  year = {2009},
  month = {aug},
  publisher = {Springer Science and Business Media {LLC}},
  volume = {25},
  number = {4},
  pages = {443--467},
  author = {David Weisburd and Nancy A. Morris and Elizabeth R. Groff},
  title = {Hot Spots of Juvenile Crime: A Longitudinal Study of Arrest Incidents at Street Segments in Seattle, Washington},
  journal = {Journal of Quantitative Criminology},
}
