@book{abel2014macroeconomics,
  title={Macroeconomics},
  author={Abel, A.B. and Bernanke, B. and Croushore, D.},
  isbn={9780132992282},
  lccn={2012042884},
  series={Always learning},
  year={2014},
  publisher={Pearson}
}
@Article{seas,
    title = {Seasonal Adjustment by {X-13ARIMA-SEATS} in {R}},
    author = {Christoph Sax and Dirk Eddelbuettel},
    journal = {Journal of Statistical Software},
    year = {2018},
    volume = {87},
    number = {11},
    pages = {1--17},
    doi = {10.18637/jss.v087.i11},
}
@article{low1,
Author = {Schmitt-Groh√©, Stephanie and Uribe, Martin},
Title = {Downward Nominal Wage Rigidity and the Case for Temporary Inflation in the Eurozone},
Journal = {Journal of Economic Perspectives},
Volume = {27},
Number = {3},
Year = {2013},
Month = {September},
Pages = {193-212},
DOI = {10.1257/jep.27.3.193},
URL = {http://www.aeaweb.org/articles?id=10.1257/jep.27.3.193}
}
@misc{sdw,
  title = {Metadata Page of HICP in the SDW},
  howpublished = {\url{https://sdw.ecb.europa.eu/browseExplanation.do?node=1496}},
  year = {Accessed: 2020-03-08}
}
@book{shumwaystoffer,
  title={Time Series Analysis and Its Applications},
  author={Shumway, R.H. and Stoffer, D.S},
  series = {Springer Texts in Statistics},
  year={2017},
  publisher={Springer International Publishing},
  doi = {10.1007/978-3-319-52452-8}
}
@misc{ed,
  title = {Class notes for "Analysis of Time Series", Taught in Winter 2020},
  author = {Edward L. Ionides},
  howpublished = {\url{https://ionides.github.io/531w20/}},
  year = {2020, Accessed: 2020-03-09}
}
@misc{task,
  title = {The Monitary Policy of the ECB},
  author = {ECB},
  howpublished = {\url{https://www.ecb.europa.eu/ecb/tasks/monpol/html/index.en.html}},
  year = {2011, Accessed: 2020-03-09}
}
