@Article{Bret__2014,
  doi = {10.1016/j.spl.2014.04.003},
  url = {https://doi.org/10.1016/j.spl.2014.04.003},
  year = {2014},
  month = {aug},
  publisher = {Elsevier {BV}},
  volume = {91},
  pages = {20--26},
  author = {Carles Bre {\a'o}},
  title = {On idiosyncratic stochasticity of financial leverage effects},
  journal = {Statistics {\&} Probability Letters},
}
